
@book{book:826943,
	title =     {A Classical Introduction to Modern Number Theory},
	author =    {Kenneth Ireland Michael Rosen},
	publisher = {Springer},
	isbn =      {038797329X,9780387973296},
	year =      {1990},
	series =    {Graduate Texts in Mathematics},
	edition =   {2nd},
	volume =    {},
	url =       {http://gen.lib.rus.ec/book/index.php?md5=3E7089E1D3DFDA8BDB03A6A5E1EB91B0}
}

@book{book:1056906,
	title =     {Computers and Intractability: A Guide to the Theory of NP-Completeness},
	author =    {Michael R. Garey, David S. Johnson},
	publisher = {W. H. Freeman},
	isbn =      {0716710455,9780716710455},
	year =      {1979},
	series =    {Series of Books in the Mathematical Sciences},
	edition =   {First Edition},
	volume =    {},
	url =       {http://gen.lib.rus.ec/book/index.php?md5=77F747B4A3CC87AAF94F6A9EA1CBC1CF}
}